@article{tiwari2021credit,
  title={Credit Card Fraud Detection using Machine Learning: A Study},
  author={Tiwari, Pooja and Mehta, Simran and Sakhuja, Nishtha and Kumar, Jitendra and Singh, Ashutosh Kumar},
  journal={arXiv preprint arXiv:2108.10005},
  year={2021}
}

@misc{kaggle_european,
  title={"Credit Card Fraud Detection Dataset"},
  author={{Kaggle}},
  howpublished={\url{https://www.kaggle.com/datasets/mlg-ulb/creditcardfraud}},
  year={2016},
}

@misc{uci_german,
  title={"German Credit Data"},
  author={{UCI Machine Learning Repository}},
  howpublished={\url{https://archive.ics.uci.edu/dataset/144/statlog+german+credit+data}},
  year={1994},
}

@article{kang2018sffsd,
  title={Credit Card Fraud Detection Using Convolutional Neural Networks},
  author={F. Kang, C. Dawei, T. Yi, Z. Liqing},
  pages={483-490},
  year={2016}
}

@article{chawla2002smote,
  title={SMOTE: Synthetic Minority Over-sampling Technique},
  author={Chawla, Nitesh V. and Bowyer, Kevin W. and Hall, Lawrence O. and Kegelmeyer, W. Philip},
  journal={Journal of Artificial Intelligence Research},
  volume={16},
  pages={321--357},
  year={2002}
}

@article{srivastava2008credit,
  title={Credit card fraud detection using hidden markov model},
  author={Srivastava, Ajay and Kundu, Amlan and Sural, Shamik and Majumdar, Arun},
  journal={IEEE Transactions on Dependable and Secure Computing},
  volume={5},
  number={1},
  pages={37--48},
  year={2008},
  month={Jan.-March},
  publisher={IEEE}
}

@misc{khamesian_credit-card-fraud-detection,
  author = {Saman Khamesian},
  title = {Credit-Card-Fraud-Detection},
  year = {n.d.},
  url = {https://github.com/SamanKhamesian/Credit-Card-Fraud-Detection},
  note = {Accessed: 2025-08-10}
}
@misc{AI4Risk_antifraud,
  author = {AI4Risk},
  title = {Antifraud: A repository for financial fraud detection},
  year = {2025},
  url = {https://github.com/AI4Risk/antifraud},
  note = {Accessed: 2025-08-10}
}
